<?xml version="1.0" encoding="UTF-8"?><collection xmlns="http://www.loc.gov/MARC21/slim"><record><leader>00653nam--2200205-i-4500</leader><controlfield tag="001">000028480</controlfield><controlfield tag="002">20161230</controlfield><controlfield tag="005">20161230201037</controlfield><controlfield tag="008">060222s1000------------r-----000-0-rum-d</controlfield><datafield ind1=" " ind2=" " tag="040"><subfield code="a">IFIN-HH</subfield></datafield><datafield ind1=" " ind2=" " tag="041"><subfield code="a">rum</subfield></datafield><datafield ind1=" " ind2=" " tag="080"><subfield code="a">123.2:53</subfield></datafield><datafield ind1="1" ind2=" " tag="100"><subfield code="a">Kuznetov, I.V</subfield></datafield><datafield ind1="1" ind2="0" tag="245"><subfield code="a">Problemele cauzalitatii in fizica moderna. in romaneste de e. friedlander</subfield><subfield code="c">I.v. kuznetov, n.f. ovcinnikov, m.e. omelianovski</subfield></datafield><datafield ind1=" " ind2=" " tag="260"><subfield code="a">Bucuresti</subfield><subfield code="b">Editura Stiintifica</subfield><subfield code="c">1963</subfield></datafield><datafield ind1=" " ind2=" " tag="300"><subfield code="a">372P</subfield></datafield><datafield ind1=" " ind2=" " tag="500"><subfield code="a">Titlul Original In Limba Rusa: Problema Princinnosti V Sovremennoi Fizike</subfield></datafield><datafield ind1="1" ind2=" " tag="700"><subfield code="a">Omelianovski, M.E</subfield></datafield><datafield ind1=" " ind2=" " tag="852"><subfield code="a">9125</subfield><subfield code="c">53.01</subfield></datafield><datafield ind1=" " ind2=" " tag="CAT"><subfield code="a">Sys</subfield><subfield code="c">20151012</subfield><subfield code="h">110616</subfield></datafield></record></collection>